@inproceedings{pajot2016incorporating,
  title={Incorporating prior knowledge in Spatio-temporal Neural Network for climatic data},
  author={Pajot, Arthur and Ziat, Ali and Denoyer, Ludovic and Gallinari, Patrick},
  booktitle={Proceedings of the 6th International Workshop on Climate Informatics: CI 2016},
  pages={73--76},
  year={2016}
}
